
@article{henderson1999,
  title = {A Phylogenetic Analysis of the {{Euterpeinae}} ({{Palmae}}; {{Arecoideae}}; {{Areceae}}) Based on Morphology and Anatomy},
  volume = {51},
  doi = {10.2307/2666565},
  number = {1},
  journaltitle = {Brittonia},
  shortjournal = {Brittonia},
  author = {Henderson, Andrew},
  date = {1999},
  pages = {106--113}
}

@article{alvarado2005,
  title = {Equinodermos Del {{Parque Nacional Marino Ballena}}, {{Pac{\'i}fico}}, {{Costa Rica}}},
  volume = {53},
  journaltitle = {Revista de Biolog{\'i}a Tropical},
  shortjournal = {Rev. Biol. Trop.},
  author = {Alvarado, Juan Jos{\'e} and Fern{\'a}ndez, Cindy},
  date = {2005},
  pages = {275--284}
}

@online{govaerts2015,
  title = {World {{Checklist}} of {{Arecaceae}}},
  url = {http://apps.kew.org/wcsp/},
  author = {Govaerts, R and Dransfield, J and Zona, Scott and Hodel, D R and Henderson, A},
  urldate = {2016-10-05},
  date = {2015}
}

@article{couvreur2011,
  title = {Origin and Global Diversification Patterns of Tropical Rain Forests: Inferences from a Complete Genus-Level Phylogeny of Palms},
  volume = {9},
  doi = {10.1186/1741-7007-9-44},
  langid = {english},
  number = {1},
  journaltitle = {BMC Biology},
  shortjournal = {BMC Biol.},
  author = {Couvreur, Thomas LP and Forest, F{\'e}lix and Baker, William J},
  date = {2011},
  pages = {44}
}

@article{schwarz2017,
  title = {How {{Ants Use Vision When Homing Backward}}},
  volume = {0},
  doi = {10.1016/j.cub.2016.12.019},
  langid = {english},
  number = {0},
  journaltitle = {Current Biology},
  shortjournal = {Current Biology},
  author = {Schwarz, Sebastian and Mangan, Michael and Zeil, Jochen and Webb, Barbara and Wystrach, Antoine},
  urldate = {2017-01-24},
  date = {2017-01-19},
  }

@book{henderson2002,
  title = {Evolution and Ecology of Palms},
  isbn = {0-89327-444-5},
  publisher = {{New York Botanical Garden Press}},
  author = {Henderson, Andrew},
  date = {2002}
}

@incollection{coppard2013,
  title = {Echinoderm {{Diversity}} in {{Panama}}: 144 {{Years}} of {{Research Across}} the {{Isthmus}}},
  isbn = {978-3-642-20051-9},
  booktitle = {Echinoderm Research and Diversity in {{Latin America}}},
  publisher = {{Springer}},
  author = {Coppard, Simon E. and Alvarado, Juan Jos{\'e}},
  editor = {Alvarado, Juan Jos{\'e} and Sol{\'i}s-Mar{\'i}n, Francisco Alonso},
  date = {2013},
  pages = {107--144}
}





